@ARTICLE{HESS,
       author = {{Abdalla}, H. and {Adam}, R. and {Aharonian}, F. and {Ait Benkhali}, F. and
         {Ang{\"u}ner}, E.~O. and {Arakawa}, M. and {Arcaro}, C. and {Armand
        }, C. and {Ashkar}, H. and {Backes}, M. and {Barbosa Martins}, V. and
         {Barnard}, M. and {Becherini}, Y. and {Berge}, D. and
         {Bernl{\"o}hr}, K. and {Bissaldi}, E. and {Blackwell}, R. and
         {B{\"o}ttcher}, M. and {Boisson}, C. and {Bolmont}, J. and
         {Bonnefoy}, S. and {Bregeon}, J. and {Breuhaus}, M. and {Brun}, F. and
         {Brun}, P. and {Bryan}, M. and {B{\"u}chele}, M. and {Bulik}, T. and
         {Bylund}, T. and {Capasso}, M. and {Caroff}, S. and {Carosi}, A. and
         {Casanova}, S. and {Cerruti}, M. and {Chand}, T. and {Chandra}, S. and
         {Chen}, A. and {Colafrancesco}, S. and {Cury{\l}o}, M. and
         {Davids}, I.~D. and {Deil}, C. and {Devin}, J. and {deWilt}, P. and
         {Dirson}, L. and {Djannati-Ata{\"\i}}, A. and {Dmytriiev}, A. and
         {Donath}, A. and {Doroshenko}, V. and {Dyks}, J. and {Egberts}, K. and
         {Emery}, G. and {Ernenwein}, J. -P. and {Eschbach}, S. and
         {Feijen}, K. and {Fegan}, S. and {Fiasson}, A. and {Fontaine}, G. and
         {Funk}, S. and {F{\"u}{\ss}ling}, M. and {Gabici}, S. and
         {Gallant}, Y.~A. and {Gat{\'e}}, F. and {Giavitto}, G. and
         {Giunti}, L. and {Glawion}, D. and {Glicenstein}, J.~F. and
         {Gottschall}, D. and {Grondin}, M. -H. and {Hahn}, J. and {Haupt}, M. and
         {Heinzelmann}, G. and {Henri}, G. and {Hermann}, G. and
         {Hinton}, J.~A. and {Hofmann}, W. and {Hoischen}, C. and
         {Holch}, T.~L. and {Holler}, M. and {Horns}, D. and {Huber}, D. and
         {Iwasaki}, H. and {Jamrozy}, M. and {Jankowsky}, D. and
         {Jankowsky}, F. and {Jardin-Blicq}, A. and {Jung-Richardt}, I. and
         {Kastendieck}, M.~A. and {Katarzy{\'n}ski}, K. and {Katsuragawa}, M. and
         {Katz}, U. and {Khangulyan}, D. and {Kh{\'e}lifi}, B. and {King}, J. and
         {Klepser}, S. and {Klu{\'z}niak}, W. and {Komin}, Nu. and {Kosack}, K. and
         {Kostunin}, D. and {Kreter}, M. and {Lamanna}, G. and
         {Lemi{\`e}re}, A. and {Lemoine-Goumard}, M. and {Lenain}, J. -P. and
         {Leser}, E. and {Levy}, C. and {Lohse}, T. and {Lypova}, I. and
         {Mackey}, J. and {Majumdar}, J. and {Malyshev}, D. and {Marandon}, V. and
         {Marcowith}, A. and {Mares}, A. and {Mariaud}, C. and
         {Mart{\'\i}-Devesa}, G. and {Marx}, R. and {Maurin}, G. and
         {Meintjes}, P.~J. and {Mitchell}, A.~M.~W. and {Moderski}, R. and
         {Mohamed}, M. and {Mohrmann}, L. and {Moore}, C. and {Moulin}, E. and
         {Muller}, J. and {Murach}, T. and {Nakashima}, S. and {de Naurois}, M. and
         {Ndiyavala}, H. and {Niederwanger}, F. and {Niemiec}, J. and
         {Oakes}, L. and {O'Brien}, P. and {Odaka}, H. and {Ohm}, S. and
         {de Ona Wilhelmi}, E. and {Ostrowski}, M. and {Oya}, I. and
         {Panter}, M. and {Parsons}, R.~D. and {Perennes}, C. and
         {Petrucci}, P. -O. and {Peyaud}, B. and {Piel}, Q. and {Pita}, S. and
         {Poireau}, V. and {Priyana Noel}, A. and {Prokhorov}, D.~A. and
         {Prokoph}, H. and {P{\"u}hlhofer}, G. and {Punch}, M. and
         {Quirrenbach}, A. and {Raab}, S. and {Rauth}, R. and {Reimer}, A. and
         {Reimer}, O. and {Remy}, Q. and {Renaud}, M. and {Rieger}, F. and
         {Rinchiuso}, L. and {Romoli}, C. and {Rowell}, G. and {Rudak}, B. and
         {Ruiz-Velasco}, E. and {Sahakian}, V. and {Sailer}, S. and {Saito}, S. and
         {Sanchez}, D.~A. and {Santangelo}, A. and {Sasaki}, M. and
         {Schlickeiser}, R. and {Sch{\"u}ssler}, F. and {Schulz}, A. and
         {Schutte}, H.~M. and {Schwanke}, U. and {Schwemmer}, S. and
         {Seglar-Arroyo}, M. and {Senniappan}, M. and {Seyffert}, A.~S. and
         {Shafi}, N. and {Shiningayamwe}, K. and {Simoni}, R. and {Sinha}, A. and
         {Sol}, H. and {Specovius}, A. and {Spir-Jacob}, M. and
         {Stawarz}, {\L}. and {Steenkamp}, R. and {Stegmann}, C. and
         {Steppa}, C. and {Takahashi}, T. and {Tavernier}, T. and
         {Taylor}, A.~M. and {Terrier}, R. and {Tiziani}, D. and
         {Tluczykont}, M. and {Trichard}, C. and {Tsirou}, M. and {Tsuji}, N. and
         {Tuffs}, R. and {Uchiyama}, Y. and {van der Walt}, D.~J. and
         {van Eldik}, C. and {van Rensburg}, C. and {van Soelen}, B. and
         {Vasileiadis}, G. and {Veh}, J. and {Venter}, C. and {Vincent}, P. and
         {Vink}, J. and {V{\"o}lk}, H.~J. and {Vuillaume}, T. and
         {Wadiasingh}, Z. and {Wagner}, S.~J. and {White}, R. and
         {Wierzcholska}, A. and {Yang}, R. and {Yoneda}, H. and {Zacharias}, M. and
         {Zanin}, R. and {Zdziarski}, A.~A. and {Zech}, A. and {Ziegler}, A. and
         {Zorn}, J. and {{\.Z}ywucka}, N. and {de Palma}, F. and {Axelsson}, M. and
         {Roberts}, O.~J.},
        title = "{A very-high-energy component deep in the {\ensuremath{\gamma}}-ray burst afterglow}",
      journal = {\nat},
     keywords = {Astrophysics - High Energy Astrophysical Phenomena},
         year = 2019,
        month = nov,
       volume = {575},
       number = {7783},
        pages = {464-467},
          doi = {10.1038/s41586-019-1743-9},
archivePrefix = {arXiv},
       eprint = {1911.08961},
 primaryClass = {astro-ph.HE},
       adsurl = {https://ui.adsabs.harvard.edu/abs/2019Natur.575..464A},
      adsnote = {Provided by the SAO/NASA Astrophysics Data System}
}


@article{MAGIC,
	Author = {Acciari, V. A. and Ansoldi, S. and Antonelli, L. A. and Engels, A. Arbet and Baack, D. and Babi{\'c}, A. and Banerjee, B. and Barres de Almeida, U. and Barrio, J. A. and Gonz{\'a}lez, J. Becerra and Bednarek, W. and Bellizzi, L. and Bernardini, E. and Berti, A. and Besenrieder, J. and Bhattacharyya, W. and Bigongiari, C. and Biland, A. and Blanch, O. and Bonnoli, G. and Bo{\v s}njak, {\v Z}. and Busetto, G. and Carosi, R. and Ceribella, G. and Chai, Y. and Chilingaryan, A. and Cikota, S. and Colak, S. M. and Colin, U. and Colombo, E. and Contreras, J. L. and Cortina, J. and Covino, S. and D'Elia, V. and Da Vela, P. and Dazzi, F. and De Angelis, A. and De Lotto, B. and Delfino, M. and Delgado, J. and Depaoli, D. and Di Pierro, F. and Di Venere, L. and Espi{\~n}eira, E. Do Souto and Prester, D. Dominis and Donini, A. and Dorner, D. and Doro, M. and Elsaesser, D. and Ramazani, V. Fallah and Fattorini, A. and Ferrara, G. and Fidalgo, D. and Foffano, L. and Fonseca, M. V. and Font, L. and Fruck, C. and Fukami, S. and L{\'o}pez, R. J. Garc{\'\i}a and Garczarczyk, M. and Gasparyan, S. and Gaug, M. and Giglietto, N. and Giordano, F. and Godinovi{\'c}, N. and Green, D. and Guberman, D. and Hadasch, D. and Hahn, A. and Herrera, J. and Hoang, J. and Hrupec, D. and H{\"u}tten, M. and Inada, T. and Inoue, S. and Ishio, K. and Iwamura, Y. and Jouvin, L. and Kerszberg, D. and Kubo, H. and Kushida, J. and Lamastra, A. and Lelas, D. and Leone, F. and Lindfors, E. and Lombardi, S. and Longo, F. and L{\'o}pez, M. and L{\'o}pez-Coto, R. and L{\'o}pez-Oramas, A. and Loporchio, S. and de Oliveira Fraga, B. Machado and Maggio, C. and Majumdar, P. and Makariev, M. and Mallamaci, M. and Maneva, G. and Manganaro, M. and Mannheim, K. and Maraschi, L. and Mariotti, M. and Mart{\'\i}nez, M. and Mazin, D. and Mi{\'c}anovi{\'c}, S. and Miceli, D. and Minev, M. and Miranda, J. M. and Mirzoyan, R. and Molina, E. and Moralejo, A. and Morcuende, D. and Moreno, V. and Moretti, E. and Munar-Adrover, P. and Neustroev, V. and Nigro, C. and Nilsson, K. and Ninci, D. and Nishijima, K. and Noda, K. and Nogu{\'e}s, L. and Nozaki, S. and Paiano, S. and Palatiello, M. and Paneque, D. and Paoletti, R. and Paredes, J. M. and Pe{\~n}il, P. and Peresano, M. and Persic, M. and Moroni, P. G. Prada and Prandini, E. and Puljak, I. and Rhode, W. and Rib{\'o}, M. and Rico, J. and Righi, C. and Rugliancich, A. and Saha, L. and Sahakyan, N. and Saito, T. and Sakurai, S. and Satalecka, K. and Schmidt, K. and Schweizer, T. and Sitarek, J. and {\v S}nidari{\'c}, I. and Sobczynska, D. and Somero, A. and Stamerra, A. and Strom, D. and Strzys, M. and Suda, Y. and Suri{\'c}, T. and Takahashi, M. and Tavecchio, F. and Temnikov, P. and Terzi{\'c}, T. and Teshima, M. and Torres-Alb{\`a}, N. and Tosti, L. and Vagelli, V. and van Scherpenberg, J. and Vanzo, G. and Acosta, M. Vazquez and Vigorito, C. F. and Vitale, V. and Vovk, I. and Will, M. and Zari{\'c}, D. and Nava, L. and Veres, P. and Bhat, P. N. and Briggs, M. S. and Cleveland, W. H. and Hamburg, R. and Hui, C. M. and Mailyan, B. and Preece, R. D. and Roberts, O. J. and von Kienlin, A. and Wilson-Hodge, C. A. and Kocevski, D. and Arimoto, M. and Tak, D. and Asano, K. and Axelsson, M. and Barbiellini, G. and Bissaldi, E. and Dirirsa, F. Fana and Gill, R. and Granot, J. and McEnery, J. and Omodei, N. and Razzaque, S. and Piron, F. and Racusin, J. L. and Thompson, D. J. and Campana, S. and Bernardini, M. G. and Kuin, N. P. M. and Siegel, M. H. and Cenko, S. B. and O'Brien, P. and Capalbi, M. and Da{\`\i}, A. and De Pasquale, M. and Gropp, J. and Klingler, N. and Osborne, J. P. and Perri, M. and Starling, R. L. C. and Tagliaferri, G. and Tohuvavohu, A. and Ursi, A. and Tavani, M. and Cardillo, M. and Casentini, C. and Piano, G. and Evangelista, Y. and Verrecchia, F. and Pittori, C. and Lucarelli, F. and Bulgarelli, A. and Parmiggiani, N. and Anderson, G. E. and Anderson, J. P. and Bernardi, G. and Bolmer, J. and Caballero-Garc{\'\i}a, M. D. and Carrasco, I. M. and Castell{\'o}n, A. and Segura, N. Castro and Castro-Tirado, A. J. and Cherukuri, S. V. and Cockeram, A. M. and D'Avanzo, P. and Di Dato, A. and Diretse, R. and Fender, R. P. and Fern{\'a}ndez-Garc{\'\i}a, E. and Fynbo, J. P. U. and Fruchter, A. S. and Greiner, J. and Gromadzki, M. and Heintz, K. E. and Heywood, I. and van der Horst, A. J. and Hu, Y. -D. and Inserra, C. and Izzo, L. and Jaiswal, V. and Jakobsson, P. and Japelj, J. and Kankare, E. and Kann, D. A. and Kouveliotou, C. and Klose, S. and Levan, A. J. and Li, X. Y. and Lotti, S. and Maguire, K. and Malesani, D. B. and Manulis, I. and Marongiu, M. and Martin, S. and Melandri, A. and Micha{\l}owski, M. J. and Miller-Jones, J. C. A. and Misra, K. and Moin, A. and Mooley, K. P. and Nasri, S. and Nicholl, M. and Noschese, A. and Novara, G. and Pandey, S. B. and Peretti, E. and del Pulgar, C. J. P{\'e}rez and P{\'e}rez-Torres, M. A. and Perley, D. A. and Piro, L. and Ragosta, F. and Resmi, L. and Ricci, R. and Rossi, A. and S{\'a}nchez-Ram{\'\i}rez, R. and Selsing, J. and Schulze, S. and Smartt, S. J. and Smith, I. A. and Sokolov, V. V. and Stevens, J. and Tanvir, N. R. and Th{\"o}ne, C. C. and Tiengo, A. and Tremou, E. and Troja, E. and de Ugarte Postigo, A. and MAGIC Collaboration},
	Da = {2019/11/01},
	Date-Added = {2020-05-13 19:44:56 -0400},
	Date-Modified = {2020-05-13 19:44:56 -0400},
	Doi = {10.1038/s41586-019-1754-6},
	Id = {Acciari2019},
	Isbn = {1476-4687},
	Journal = {Nature},
	Number = {7783},
	Pages = {459--463},
	Title = {Observation of inverse Compton emission from a long γ-ray burst},
	Ty = {JOUR},
	Url = {https://doi.org/10.1038/s41586-019-1754-6},
	Volume = {575},
	Year = {2019},
	Bdsk-Url-1 = {https://doi.org/10.1038/s41586-019-1754-6}}
	
@ARTICLE{alpabs,
       author = {{Alp}, Dennis and {Larsson}, Josefin and {Fransson}, Claes and
         {Gabler}, Michael and {Wongwathanarat}, Annop and {Janka}, Hans-Thomas},
        title = "{X-Ray Absorption in Young Core-collapse Supernova Remnants}",
      journal = {\apj},
     keywords = {stars: neutron, supernova remnants, supernovae: general, supernovae: individual: SN 1987A, Cas A, X-rays: ISM, Astrophysics - High Energy Astrophysical Phenomena},
         year = 2018,
        month = sep,
       volume = {864},
       number = {2},
          eid = {175},
        pages = {175},
          doi = {10.3847/1538-4357/aad737},
archivePrefix = {arXiv},
       eprint = {1805.04528},
 primaryClass = {astro-ph.HE},
       adsurl = {https://ui.adsabs.harvard.edu/abs/2018ApJ...864..175A},
      adsnote = {Provided by the SAO/NASA Astrophysics Data System}
}



@ARTICLE{badanes,
       author = {{Badenes}, Carles and {Hughes}, John P. and {Bravo}, Eduardo and
         {Langer}, Norbert},
        title = "{Are the Models for Type Ia Supernova Progenitors Consistent with the Properties of Supernova Remnants?}",
      journal = {\apj},
     keywords = {Stars: Binaries: Close, Hydrodynamics, ISM: Supernova Remnants, Stars: Supernovae: General, X-Rays: ISM, Astrophysics},
         year = 2007,
        month = jun,
       volume = {662},
       number = {1},
        pages = {472-486},
          doi = {10.1086/518022},
archivePrefix = {arXiv},
       eprint = {astro-ph/0703321},
 primaryClass = {astro-ph},
       adsurl = {https://ui.adsabs.harvard.edu/abs/2007ApJ...662..472B},
      adsnote = {Provided by the SAO/NASA Astrophysics Data System}
}

@ARTICLE{benpl1,
       author = {{Beniamini}, Paz and {Duque}, Rapha{\"e}l and
         {Daigne}, Fr{\'e}d{\'e}ric and {Mochkovitch}, Robert},
        title = "{X-ray plateaus in gamma-ray bursts' light curves from jets viewed slightly off-axis}",
      journal = {\mnras},
     keywords = {radiation mechanisms: general, gamma-ray burst: general, Astrophysics - High Energy Astrophysical Phenomena},
         year = 2020,
        month = feb,
       volume = {492},
       number = {2},
        pages = {2847-2857},
          doi = {10.1093/mnras/staa070},
archivePrefix = {arXiv},
       eprint = {1907.05899},
 primaryClass = {astro-ph.HE},
       adsurl = {https://ui.adsabs.harvard.edu/abs/2020MNRAS.492.2847B},
      adsnote = {Provided by the SAO/NASA Astrophysics Data System}
}

@ARTICLE{BGG20,
       author = {{Beniamini}, Paz and {Granot}, Jonathan and {Gill}, Ramandeep},
        title = "{Afterglow light curves from misaligned structured jets}",
      journal = {\mnras},
     keywords = {radiation mechanisms: general, gamma-ray burst: general, Astrophysics - High Energy Astrophysical Phenomena},
         year = 2020,
        month = apr,
       volume = {493},
       number = {3},
        pages = {3521-3534},
          doi = {10.1093/mnras/staa538},
archivePrefix = {arXiv},
       eprint = {2001.02239},
 primaryClass = {astro-ph.HE},
       adsurl = {https://ui.adsabs.harvard.edu/abs/2020MNRAS.493.3521B},
      adsnote = {Provided by the SAO/NASA Astrophysics Data System}
}

@ARTICLE{benpl2,
       author = {{Beniamini}, Paz and {Nakar}, Ehud},
        title = "{Observational constraints on the structure of gamma-ray burst jets}",
      journal = {\mnras},
     keywords = {radiation mechanisms: general, gamma-ray burst: general, stars: jets, Astrophysics - High Energy Astrophysical Phenomena},
         year = 2019,
        month = feb,
       volume = {482},
       number = {4},
        pages = {5430-5440},
          doi = {10.1093/mnras/sty3110},
archivePrefix = {arXiv},
       eprint = {1808.07493},
 primaryClass = {astro-ph.HE},
       adsurl = {https://ui.adsabs.harvard.edu/abs/2019MNRAS.482.5430B},
      adsnote = {Provided by the SAO/NASA Astrophysics Data System}
}

@ARTICLE{beniamini,
       author = {{Beniamini}, Paz and {Nava}, Lara and {Duran}, Rodolfo Barniol and
         {Piran}, Tsvi},
        title = "{Energies of GRB blast waves and prompt efficiencies as implied by modelling of X-ray and GeV afterglows}",
      journal = {\mnras},
     keywords = {gamma-ray burst: general, Astrophysics - High Energy Astrophysical Phenomena},
         year = 2015,
        month = nov,
       volume = {454},
       number = {1},
        pages = {1073-1085},
          doi = {10.1093/mnras/stv2033},
archivePrefix = {arXiv},
       eprint = {1504.04833},
 primaryClass = {astro-ph.HE},
       adsurl = {https://ui.adsabs.harvard.edu/abs/2015MNRAS.454.1073B},
      adsnote = {Provided by the SAO/NASA Astrophysics Data System}
}

@ARTICLE{BNP16,
       author = {{Beniamini}, Paz and {Nava}, Lara and {Piran}, Tsvi},
        title = "{A revised analysis of gamma-ray bursts' prompt efficiencies}",
      journal = {\mnras},
     keywords = {gamma-ray burst: general, Astrophysics - High Energy Astrophysical Phenomena},
         year = 2016,
        month = sep,
       volume = {461},
       number = {1},
        pages = {51-59},
          doi = {10.1093/mnras/stw1331},
archivePrefix = {arXiv},
       eprint = {1606.00311},
 primaryClass = {astro-ph.HE},
       adsurl = {https://ui.adsabs.harvard.edu/abs/2016MNRAS.461...51B},
      adsnote = {Provided by the SAO/NASA Astrophysics Data System}
}

@ARTICLE{VB1,
       author = {{Beniamini}, Paz and {van der Horst}, Alexander J.},
        title = "{Electrons' energy in GRB afterglows implied by radio peaks}",
      journal = {\mnras},
     keywords = {gamma-ray burst: general, Astrophysics - High Energy Astrophysical Phenomena},
         year = 2017,
        month = dec,
       volume = {472},
       number = {3},
        pages = {3161-3168},
          doi = {10.1093/mnras/stx2203},
archivePrefix = {arXiv},
       eprint = {1706.07817},
 primaryClass = {astro-ph.HE},
       adsurl = {https://ui.adsabs.harvard.edu/abs/2017MNRAS.472.3161B},
      adsnote = {Provided by the SAO/NASA Astrophysics Data System}
}

@ARTICLE{BM,
       author = {{Blandford}, R.~D. and {McKee}, C.~F.},
        title = "{Fluid dynamics of relativistic blast waves}",
      journal = {Physics of Fluids},
     keywords = {Detonation Waves, Explosions, Gas Dynamics, Relativistic Velocity, Shock Wave Propagation, Adiabatic Flow, Energy Spectra, Equations Of Motion, Interpolation, Momentum Transfer, Similarity Theorem, Astrophysics},
         year = 1976,
        month = aug,
       volume = {19},
        pages = {1130-1138},
          doi = {10.1063/1.861619},
       adsurl = {https://ui.adsabs.harvard.edu/abs/1976PhFl...19.1130B},
      adsnote = {Provided by the SAO/NASA Astrophysics Data System}
}

@ARTICLE{Brok,
       author = {{Borkowski}, Kazimierz and {Szymkowiak}, Andrew E. and
         {Blondin}, John M. and {Sarazin}, Craig L.},
        title = "{A Circumstellar Shell Model for the Cassiopeia A Supernova Remnant}",
      journal = {\apj},
     keywords = {ISM: SUPERNOVA REMNANTS, HYDRODYNAMICS, ISM: INDIVIDUAL NAME: CASSIOPEIA A, STARS: CIRCUMSTELLAR MATTER},
         year = 1996,
        month = aug,
       volume = {466},
        pages = {866},
          doi = {10.1086/177560},
       adsurl = {https://ui.adsabs.harvard.edu/abs/1996ApJ...466..866B},
      adsnote = {Provided by the SAO/NASA Astrophysics Data System}
}

@ARTICLE{CH1,
       author = {{Chandra}, Poonam and {Cenko}, S. Bradley and {Frail}, Dale A. and
         {Chevalier}, Roger A. and {Macquart}, Jean-Pierre and
         {Kulkarni}, Shri R. and {Bock}, Douglas C. -J. and {Bertoldi}, Frank and
         {Kasliwal}, Mansi and {Fox}, Derek B. and {Price}, Paul A. and
         {Berger}, Edo and {Soderberg}, Alicia M. and {Harrison}, Fiona A. and
         {Gal-Yam}, Avishay and {Ofek}, Eran O. and {Rau}, Arne and
         {Schmidt}, Brian P. and {Cameron}, P. Brian and {Cowie}, Lennox L. and
         {Cowie}, Antoinette and {Roth}, Katherine C. and {Dopita}, Michael and
         {Peterson}, Bruce and {Penprase}, Bryan E.},
        title = "{A Comprehensive Study of GRB 070125, A Most Energetic Gamma-Ray Burst}",
      journal = {\apj},
     keywords = {gamma rays: bursts, gamma rays: observations, radiation mechanisms: general, techniques: radar astronomy, X-rays: bursts, Astrophysics},
         year = 2008,
        month = aug,
       volume = {683},
       number = {2},
        pages = {924-942},
          doi = {10.1086/589807},
archivePrefix = {arXiv},
       eprint = {0802.2748},
 primaryClass = {astro-ph},
       adsurl = {https://ui.adsabs.harvard.edu/abs/2008ApJ...683..924C},
      adsnote = {Provided by the SAO/NASA Astrophysics Data System}
}

@ARTICLE{CL99,
       author = {{Chevalier}, Roger A. and {Li}, Zhi-Yun},
        title = "{Gamma-Ray Burst Environments and Progenitors}",
      journal = {\apjl},
     keywords = {GAMMA RAYS: BURSTS, STARS: MASS LOSS, STARS: SUPERNOVAE: GENERAL, Gamma Rays: Bursts, Stars: Mass Loss, Stars: Supernovae: General, Astrophysics},
         year = 1999,
        month = jul,
       volume = {520},
       number = {1},
        pages = {L29-L32},
          doi = {10.1086/312147},
archivePrefix = {arXiv},
       eprint = {astro-ph/9904417},
 primaryClass = {astro-ph},
       adsurl = {https://ui.adsabs.harvard.edu/abs/1999ApJ...520L..29C},
      adsnote = {Provided by the SAO/NASA Astrophysics Data System}
}

@ARTICLE{davies,
       author = {{Davies}, Ben and {Beasor}, Emma R.},
        title = "{The initial masses of the red supergiant progenitors to Type II supernovae}",
      journal = {\mnras},
     keywords = {stars: evolution, stars: late-type, stars: massive, supergiants, supernovae: general, Astrophysics - Solar and Stellar Astrophysics},
         year = 2018,
        month = feb,
       volume = {474},
       number = {2},
        pages = {2116-2128},
          doi = {10.1093/mnras/stx2734},
archivePrefix = {arXiv},
       eprint = {1709.06116},
 primaryClass = {astro-ph.SR},
       adsurl = {https://ui.adsabs.harvard.edu/abs/2018MNRAS.474.2116D},
      adsnote = {Provided by the SAO/NASA Astrophysics Data System}
}



@ARTICLE{DC1,
       author = {{De Cia}, A. and {Starling}, R.~L.~C. and {Wiersema}, K. and
         {van der Horst}, A.~J. and {Vreeswijk}, P.~M. and {Bj{\"o}rnsson}, G. and
         {de Ugarte Postigo}, A. and {Jakobsson}, P. and {Levan}, A.~J. and
         {Rol}, E. and {Schulze}, S. and {Tanvir}, N.~R.},
        title = "{GRB 070125 and the environments of spectral-line poor afterglow absorbers}",
      journal = {\mnras},
     keywords = {gamma-ray burst: individual: GRB 070125, Astrophysics - Cosmology and Nongalactic Astrophysics},
         year = 2011,
        month = nov,
       volume = {418},
       number = {1},
        pages = {129-144},
          doi = {10.1111/j.1365-2966.2011.19471.x},
archivePrefix = {arXiv},
       eprint = {1107.3748},
 primaryClass = {astro-ph.CO},
       adsurl = {https://ui.adsabs.harvard.edu/abs/2011MNRAS.418..129D},
      adsnote = {Provided by the SAO/NASA Astrophysics Data System}
}

@ARTICLE{SNr1,
       author = {{Diehl}, Roland and {Halloin}, Hubert and {Kretschmer}, Karsten and
         {Lichti}, Giselher G. and {Sch{\"o}nfelder}, Volker and
         {Strong}, Andrew W. and {von Kienlin}, Andreas and {Wang}, Wei and
         {Jean}, Pierre and {Kn{\"o}dlseder}, J{\"u}rgen and
         {Roques}, Jean-Pierre and {Weidenspointner}, Georg and
         {Schanne}, Stephane and {Hartmann}, Dieter H. and {Winkler}, Christoph and
         {Wunderer}, Cornelia},
        title = "{Radioactive $^{26}$Al from massive stars in the Galaxy}",
      journal = {\nat},
     keywords = {Astrophysics},
         year = 2006,
        month = jan,
       volume = {439},
       number = {7072},
        pages = {45-47},
          doi = {10.1038/nature04364},
archivePrefix = {arXiv},
       eprint = {astro-ph/0601015},
 primaryClass = {astro-ph},
       adsurl = {https://ui.adsabs.harvard.edu/abs/2006Natur.439...45D},
      adsnote = {Provided by the SAO/NASA Astrophysics Data System}
}

@ARTICLE{derishev,
       author = {{Derishev}, Evgeny and {Piran}, Tsvi},
        title = "{The Physical Conditions of the Afterglow Implied by MAGIC{\textquoteright}s Sub-TeV Observations of GRB 190114C}",
      journal = {\apjl},
     keywords = {acceleration of particles, gamma-ray burst: general, gamma-ray burst: individual: 190114C, Astrophysics - High Energy Astrophysical Phenomena},
         year = 2019,
        month = aug,
       volume = {880},
       number = {2},
          eid = {L27},
        pages = {L27},
          doi = {10.3847/2041-8213/ab2d8a},
archivePrefix = {arXiv},
       eprint = {1905.08285},
 primaryClass = {astro-ph.HE},
       adsurl = {https://ui.adsabs.harvard.edu/abs/2019ApJ...880L..27D},
      adsnote = {Provided by the SAO/NASA Astrophysics Data System}
}


@ARTICLE{Fong,
       author = {{Fong}, W. and {Berger}, E. and {Margutti}, R. and {Zauderer}, B.~A.},
        title = "{A Decade of Short-duration Gamma-Ray Burst Broadband Afterglows: Energetics, Circumburst Densities, and Jet Opening Angles}",
      journal = {\apj},
     keywords = {catalogs, gamma-ray burst: general, Astrophysics - High Energy Astrophysical Phenomena},
         year = 2015,
        month = dec,
       volume = {815},
       number = {2},
          eid = {102},
        pages = {102},
          doi = {10.1088/0004-637X/815/2/102},
archivePrefix = {arXiv},
       eprint = {1509.02922},
 primaryClass = {astro-ph.HE},
       adsurl = {https://ui.adsabs.harvard.edu/abs/2015ApJ...815..102F},
      adsnote = {Provided by the SAO/NASA Astrophysics Data System}
}

@ARTICLE{FongGW,
       author = {{Fong}, W. and {Blanchard}, P.~K. and {Alexander}, K.~D. and
         {Strader}, J. and {Margutti}, R. and {Hajela}, A. and {Villar}, V.~A. and
         {Wu}, Y. and {Ye}, C.~S. and {Berger}, E. and {Chornock}, R. and
         {Coppejans}, D. and {Cowperthwaite}, P.~S. and {Eftekhari}, T. and
         {Giannios}, D. and {Guidorzi}, C. and {Kathirgamaraju}, A. and
         {Laskar}, T. and {Macfadyen}, A. and {Metzger}, B.~D. and
         {Nicholl}, M. and {Paterson}, K. and {Terreran}, G. and {Sand}, D.~J. and
         {Sironi}, L. and {Williams}, P.~K.~G. and {Xie}, X. and {Zrake}, J.},
        title = "{The Optical Afterglow of GW170817: An Off-axis Structured Jet and Deep Constraints on a Globular Cluster Origin}",
      journal = {\apjl},
     keywords = {Neutron stars, Gravitational waves, Gamma-ray bursts, Hubble Space Telescope, Astrophysics - High Energy Astrophysical Phenomena},
         year = 2019,
        month = sep,
       volume = {883},
       number = {1},
          eid = {L1},
        pages = {L1},
          doi = {10.3847/2041-8213/ab3d9e},
archivePrefix = {arXiv},
       eprint = {1908.08046},
 primaryClass = {astro-ph.HE},
       adsurl = {https://ui.adsabs.harvard.edu/abs/2019ApJ...883L...1F},
      adsnote = {Provided by the SAO/NASA Astrophysics Data System}
}

@ARTICLE{Fraija,
       author = {{Fraija}, N. and {Barniol Duran}, R. and {Dichiara}, S. and
         {Beniamini}, P.},
        title = "{Synchrotron Self-Compton as a Likely Mechanism of Photons beyond the Synchrotron Limit in GRB 190114C}",
      journal = {\apj},
     keywords = {Gamma-ray bursts, Non-thermal radiation sources, Astrophysical processes, High energy astrophysics, Particle physics, Interstellar medium wind, Astrophysics - High Energy Astrophysical Phenomena},
         year = 2019,
        month = oct,
       volume = {883},
       number = {2},
          eid = {162},
        pages = {162},
          doi = {10.3847/1538-4357/ab3ec4},
archivePrefix = {arXiv},
       eprint = {1907.06675},
 primaryClass = {astro-ph.HE},
       adsurl = {https://ui.adsabs.harvard.edu/abs/2019ApJ...883..162F},
      adsnote = {Provided by the SAO/NASA Astrophysics Data System}
}

@ARTICLE{FraijaGW,
       author = {{Fraija}, N. and {De Colle}, F. and {Veres}, P. and {Dichiara}, S. and
         {Barniol Duran}, R. and {Galvan-Gamez}, A. and
         {Pedreira}, A.~C. Caligula do E.~S.},
        title = "{The Short GRB 170817A: Modeling the Off-axis Emission and Implications on the Ejecta Magnetization}",
      journal = {\apj},
     keywords = {acceleration of particles, gamma-ray burst: individual: GRB 170817A, ISM: general, magnetic fields, radiation mechanisms: non-thermal},
         year = 2019,
        month = jan,
       volume = {871},
       number = {1},
          eid = {123},
        pages = {123},
          doi = {10.3847/1538-4357/aaf564},
       adsurl = {https://ui.adsabs.harvard.edu/abs/2019ApJ...871..123F},
      adsnote = {Provided by the SAO/NASA Astrophysics Data System}
}



@ARTICLE{frail,
       author = {{Frail}, D.~A. and {Waxman}, E. and {Kulkarni}, S.~R.},
        title = "{A 450 Day Light Curve of the Radio Afterglow of GRB 970508: Fireball Calorimetry}",
      journal = {\apj},
     keywords = {Gamma Rays: Bursts, Radio Continuum: General, Astrophysics},
         year = 2000,
        month = jul,
       volume = {537},
       number = {1},
        pages = {191-204},
          doi = {10.1086/309024},
archivePrefix = {arXiv},
       eprint = {astro-ph/9910319},
 primaryClass = {astro-ph},
       adsurl = {https://ui.adsabs.harvard.edu/abs/2000ApJ...537..191F},
      adsnote = {Provided by the SAO/NASA Astrophysics Data System}
}

@ARTICLE{Fynbo,
       author = {{Fynbo}, J.~P.~U. and {Jakobsson}, P. and {Prochaska}, J.~X. and
         {Malesani}, D. and {Ledoux}, C. and {de Ugarte Postigo}, A. and
         {Nardini}, M. and {Vreeswijk}, P.~M. and {Wiersema}, K. and
         {Hjorth}, J. and {Sollerman}, J. and {Chen}, H. -W. and
         {Th{\"o}ne}, C.~C. and {Bj{\"o}rnsson}, G. and {Bloom}, J.~S. and
         {Castro-Tirado}, A.~J. and {Christensen}, L. and {De Cia}, A. and
         {Fruchter}, A.~S. and {Gorosabel}, J. and {Graham}, J.~F. and
         {Jaunsen}, A.~O. and {Jensen}, B.~L. and {Kann}, D.~A. and
         {Kouveliotou}, C. and {Levan}, A.~J. and {Maund}, J. and {Masetti}, N. and
         {Milvang-Jensen}, B. and {Palazzi}, E. and {Perley}, D.~A. and
         {Pian}, E. and {Rol}, E. and {Schady}, P. and {Starling}, R.~L.~C. and
         {Tanvir}, N.~R. and {Watson}, D.~J. and {Xu}, D. and {Augusteijn}, T. and
         {Grundahl}, F. and {Telting}, J. and {Quirion}, P. -O.},
        title = "{Low-resolution Spectroscopy of Gamma-ray Burst Optical Afterglows: Biases in the Swift Sample and Characterization of the Absorbers}",
      journal = {\apjs},
     keywords = {dust, extinction, galaxies: high-redshift, gamma rays: bursts, Astrophysics - Cosmology and Extragalactic Astrophysics},
         year = 2009,
        month = dec,
       volume = {185},
       number = {2},
        pages = {526-573},
          doi = {10.1088/0067-0049/185/2/526},
archivePrefix = {arXiv},
       eprint = {0907.3449},
 primaryClass = {astro-ph.CO},
       adsurl = {https://ui.adsabs.harvard.edu/abs/2009ApJS..185..526F},
      adsnote = {Provided by the SAO/NASA Astrophysics Data System}
}

@ARTICLE{WR1,
       author = {{Galama}, T.~J. and {Vreeswijk}, P.~M. and {van Paradijs}, J. and
         {Kouveliotou}, C. and {Augusteijn}, T. and {B{\"o}hnhardt}, H. and
         {Brewer}, J.~P. and {Doublier}, V. and {Gonzalez}, J. -F. and
         {Leibundgut}, B. and {Lidman}, C. and {Hainaut}, O.~R. and {Patat}, F. and
         {Heise}, J. and {in't Zand}, J. and {Hurley}, K. and {Groot}, P.~J. and
         {Strom}, R.~G. and {Mazzali}, P.~A. and {Iwamoto}, K. and {Nomoto}, K. and
         {Umeda}, H. and {Nakamura}, T. and {Young}, T.~R. and {Suzuki}, T. and
         {Shigeyama}, T. and {Koshut}, T. and {Kippen}, M. and {Robinson}, C. and
         {de Wildt}, P. and {Wijers}, R.~A.~M.~J. and {Tanvir}, N. and
         {Greiner}, J. and {Pian}, E. and {Palazzi}, E. and {Frontera}, F. and
         {Masetti}, N. and {Nicastro}, L. and {Feroci}, M. and {Costa}, E. and
         {Piro}, L. and {Peterson}, B.~A. and {Tinney}, C. and {Boyle}, B. and
         {Cannon}, R. and {Stathakis}, R. and {Sadler}, E. and {Begam}, M.~C. and
         {Ianna}, P.},
        title = "{An unusual supernova in the error box of the {\ensuremath{\gamma}}-ray burst of 25 April 1998}",
      journal = {\nat},
     keywords = {Astrophysics},
         year = 1998,
        month = oct,
       volume = {395},
       number = {6703},
        pages = {670-672},
          doi = {10.1038/27150},
archivePrefix = {arXiv},
       eprint = {astro-ph/9806175},
 primaryClass = {astro-ph},
       adsurl = {https://ui.adsabs.harvard.edu/abs/1998Natur.395..670G},
      adsnote = {Provided by the SAO/NASA Astrophysics Data System}
}

@ARTICLE{GillGW,
       author = {{Gill}, Ramandeep and {Granot}, Jonathan and {De Colle}, Fabio and
         {Urrutia}, Gerardo},
        title = "{Numerical Simulations of an Initially Top-hat Jet and the Afterglow of GW170817/GRB170817A}",
      journal = {\apj},
     keywords = {gamma-ray burst: general, gravitational waves, hydrodynamics, ISM: jets and outflows, methods: numerical, relativistic processes, Astrophysics - High Energy Astrophysical Phenomena},
         year = 2019,
        month = sep,
       volume = {883},
       number = {1},
          eid = {15},
        pages = {15},
          doi = {10.3847/1538-4357/ab3577},
archivePrefix = {arXiv},
       eprint = {1902.10303},
 primaryClass = {astro-ph.HE},
       adsurl = {https://ui.adsabs.harvard.edu/abs/2019ApJ...883...15G},
      adsnote = {Provided by the SAO/NASA Astrophysics Data System}
}

@ARTICLE{GottliebGW,
       author = {{Gottlieb}, Ore and {Nakar}, Ehud and {Piran}, Tsvi and
         {Hotokezaka}, Kenta},
        title = "{A cocoon shock breakout as the origin of the {\ensuremath{\gamma}}-ray emission in GW170817}",
      journal = {\mnras},
     keywords = {gravitational waves, methods: numerical, stars: neutron, Astrophysics - High Energy Astrophysical Phenomena},
         year = 2018,
        month = sep,
       volume = {479},
       number = {1},
        pages = {588-600},
          doi = {10.1093/mnras/sty1462},
archivePrefix = {arXiv},
       eprint = {1710.05896},
 primaryClass = {astro-ph.HE},
       adsurl = {https://ui.adsabs.harvard.edu/abs/2018MNRAS.479..588G},
      adsnote = {Provided by the SAO/NASA Astrophysics Data System}
}



@ARTICLE{AG2,
       author = {{Granot}, Jonathan and {Sari}, Re'em},
        title = "{The Shape of Spectral Breaks in Gamma-Ray Burst Afterglows}",
      journal = {\apj},
     keywords = {Gamma Rays: Bursts, Gamma Rays: Theory, Radiation Mechanisms: Nonthermal, Shock Waves, Astrophysics},
         year = 2002,
        month = apr,
       volume = {568},
       number = {2},
        pages = {820-829},
          doi = {10.1086/338966},
archivePrefix = {arXiv},
       eprint = {astro-ph/0108027},
 primaryClass = {astro-ph},
       adsurl = {https://ui.adsabs.harvard.edu/abs/2002ApJ...568..820G},
      adsnote = {Provided by the SAO/NASA Astrophysics Data System}
}

@ARTICLE{Gv14,
       author = {{Granot}, Jonathan and {van der Horst}, Alexander J.},
        title = "{Gamma-Ray Burst Jets and their Radio Observations}",
      journal = {\pasa},
     keywords = {magnetic fields, shock waves, radio continuum: general, hydrodynamics; relativistic processes, gamma-rays: general},
         year = 2014,
        month = feb,
       volume = {31},
          eid = {e008},
        pages = {e008},
          doi = {10.1017/pasa.2013.44},
       adsurl = {https://ui.adsabs.harvard.edu/abs/2014PASA...31....8G},
      adsnote = {Provided by the SAO/NASA Astrophysics Data System}
}

@ARTICLE{Green09,
       author = {{Green}, D.~A.},
        title = "{A revised Galactic supernova remnant catalogue}",
      journal = {Bulletin of the Astronomical Society of India},
     keywords = {supernova remnants, catalogues, radio continuum: ISM, ISM: general, Astrophysics - High Energy Astrophysical Phenomena, Astrophysics - Galaxy Astrophysics},
         year = 2009,
        month = mar,
       volume = {37},
       number = {1},
        pages = {45-61},
archivePrefix = {arXiv},
       eprint = {0905.3699},
 primaryClass = {astro-ph.HE},
       adsurl = {https://ui.adsabs.harvard.edu/abs/2009BASI...37...45G},
      adsnote = {Provided by the SAO/NASA Astrophysics Data System}
}

@ARTICLE{SNr2,
       author = {{Hakobyan}, A.~A. and {Petrosian}, A.~R. and {Mamon}, G.~A. and
         {McLean}, B. and {Kunth}, D. and {Turatto}, M. and {Cappellaro}, E. and
         {Mannucci}, F. and {Allen}, R.~J. and {Panagia}, N. and
         {Della Valle}, M.},
        title = "{Five supernova survey galaxies in the southern hemisphere. II. The supernova rates}",
      journal = {Astrophysics},
     keywords = {supernovae, galaxies, stellar content, Astrophysics - Cosmology and Extragalactic Astrophysics},
         year = 2011,
        month = sep,
       volume = {54},
       number = {3},
        pages = {301-314},
          doi = {10.1007/s10511-011-9180-y},
archivePrefix = {arXiv},
       eprint = {1104.0300},
 primaryClass = {astro-ph.CO},
       adsurl = {https://ui.adsabs.harvard.edu/abs/2011Ap.....54..301H},
      adsnote = {Provided by the SAO/NASA Astrophysics Data System}
}

@ARTICLE{WR2,
       author = {{Hjorth}, Jens and {Sollerman}, Jesper and {M{\o}ller}, Palle and
         {Fynbo}, Johan P.~U. and {Woosley}, Stan E. and {Kouveliotou}, Chryssa and
         {Tanvir}, Nial R. and {Greiner}, Jochen and {Andersen}, Michael I. and
         {Castro-Tirado}, Alberto J. and
         {Castro Cer{\'o}n}, Jos{\'e} Mar{\'\i}a and {Fruchter}, Andrew S. and
         {Gorosabel}, Javier and {Jakobsson}, P{\'a}ll and {Kaper}, Lex and
         {Klose}, Sylvio and {Masetti}, Nicola and {Pedersen}, Holger and
         {Pedersen}, Kristian and {Pian}, Elena and {Palazzi}, Eliana and
         {Rhoads}, James E. and {Rol}, Evert and {van den Heuvel}, Edward P.~J. and
         {Vreeswijk}, Paul M. and {Watson}, Darach and {Wijers}, Ralph A.~M.~J.},
        title = "{A very energetic supernova associated with the {\ensuremath{\gamma}}-ray burst of 29 March 2003}",
      journal = {\nat},
     keywords = {Astrophysics},
         year = 2003,
        month = jun,
       volume = {423},
       number = {6942},
        pages = {847-850},
          doi = {10.1038/nature01750},
archivePrefix = {arXiv},
       eprint = {astro-ph/0306347},
 primaryClass = {astro-ph},
       adsurl = {https://ui.adsabs.harvard.edu/abs/2003Natur.423..847H},
      adsnote = {Provided by the SAO/NASA Astrophysics Data System}
}
@ARTICLE{Hunter:2007,
  author={J. D. {Hunter}},
  journal={Computing in Science   Engineering}, 
  title={Matplotlib: A 2D Graphics Environment}, 
  year={2007},
  volume={9},
  number={3},
  pages={90-95},}

@InProceedings{pandas, title = {Data Structures for Statistical Computing in Python}, author = {Wes McKinney}, booktitle = {Proceedings of the 9th Python in Science Conference}, volume = {445}, pages = {51--56}, year = {2010}, organization = {Austin, TX} } @Article{ McKinney_2011, title = {pandas: a foundational Python library for data analysis and statistics}, author = {Wes McKinney}, year = {2011}, journal = {Python for High Performance and Scientific Computing}, volume = {14} }  
 
@ARTICLE{immler,
       author = {{Immler}, Stefan and {Kuntz}, K.~D.},
        title = "{Discovery of X-Ray Emission from Supernova 1970G with Chandra: Filling the Void between Supernovae and Supernova Remnants}",
      journal = {\apjl},
     keywords = {Stars: Circumstellar Matter, ISM: Supernova Remnants, Stars: Supernovae: Individual: Alphanumeric: SN 1970G, X-Rays: General, X-rays: individual (SN 1970G), X-rays: individual (M101), Astrophysics},
         year = 2005,
        month = oct,
       volume = {632},
       number = {2},
        pages = {L99-L102},
          doi = {10.1086/497910},
archivePrefix = {arXiv},
       eprint = {astro-ph/0506023},
 primaryClass = {astro-ph},
       adsurl = {https://ui.adsabs.harvard.edu/abs/2005ApJ...632L..99I},
      adsnote = {Provided by the SAO/NASA Astrophysics Data System}
}
 
@ARTICLE{jennings,
       author = {{Jennings}, Zachary G. and {Williams}, Benjamin F. and
         {Murphy}, Jeremiah W. and {Dalcanton}, Julianne J. and
         {Gilbert}, Karoline M. and {Dolphin}, Andrew E. and {Weisz}, Daniel R. and
         {Fouesneau}, Morgan},
        title = "{The Supernova Progenitor Mass Distributions of M31 and M33: Further Evidence for an Upper Mass Limit}",
      journal = {\apj},
     keywords = {galaxies: individual: M31 M33, supernovae: general, Astrophysics - Astrophysics of Galaxies},
         year = 2014,
        month = nov,
       volume = {795},
       number = {2},
          eid = {170},
        pages = {170},
          doi = {10.1088/0004-637X/795/2/170},
archivePrefix = {arXiv},
       eprint = {1410.0018},
 primaryClass = {astro-ph.GA},
       adsurl = {https://ui.adsabs.harvard.edu/abs/2014ApJ...795..170J},
      adsnote = {Provided by the SAO/NASA Astrophysics Data System}
}

@ARTICLE{katsuda,
       author = {{Katsuda}, Satoru and {Takiwaki}, Tomoya and {Tominaga}, Nozomu and
         {Moriya}, Takashi J. and {Nakamura}, Ko},
        title = "{Progenitor Mass Distribution of Core-collapse Supernova Remnants in Our Galaxy and Magellanic Clouds Based on Elemental Abundances}",
      journal = {\apj},
     keywords = {ISM: supernova remnants, supernovae: general, stars: massive, X-rays: general, Astrophysics - High Energy Astrophysical Phenomena},
         year = 2018,
        month = aug,
       volume = {863},
       number = {2},
          eid = {127},
        pages = {127},
          doi = {10.3847/1538-4357/aad2d8},
archivePrefix = {arXiv},
       eprint = {1807.03426},
 primaryClass = {astro-ph.HE},
       adsurl = {https://ui.adsabs.harvard.edu/abs/2018ApJ...863..127K},
      adsnote = {Provided by the SAO/NASA Astrophysics Data System}
}



@ARTICLE{Fox,
       author = {{Klebesadel}, Ray W. and {Strong}, Ian B. and {Olson}, Roy A.},
        title = "{Observations of Gamma-Ray Bursts of Cosmic Origin}",
      journal = {\apjl},
         year = 1973,
        month = jun,
       volume = {182},
        pages = {L85},
          doi = {10.1086/181225},
       adsurl = {https://ui.adsabs.harvard.edu/abs/1973ApJ...182L..85K},
      adsnote = {Provided by the SAO/NASA Astrophysics Data System}
}  

@ARTICLE{kov,
       author = {{Kouveliotou}, Chryssa and {Meegan}, Charles A. and
         {Fishman}, Gerald J. and {Bhat}, Narayana P. and {Briggs}, Michael S. and
         {Koshut}, Thomas M. and {Paciesas}, William S. and
         {Pendleton}, Geoffrey N.},
        title = "{Identification of Two Classes of Gamma-Ray Bursts}",
      journal = {\apjl},
     keywords = {Astronomical Catalogs, Gamma Ray Bursts, Gamma Ray Observatory, Frequency Distribution, Spatial Distribution, Transient Response, Space Radiation, GAMMA RAYS: BURSTS},
         year = 1993,
        month = aug,
       volume = {413},
        pages = {L101},
          doi = {10.1086/186969},
       adsurl = {https://ui.adsabs.harvard.edu/abs/1993ApJ...413L.101K},
      adsnote = {Provided by the SAO/NASA Astrophysics Data System}
}

@ARTICLE{lemoine13,
       author = {{Lemoine}, Martin and {Li}, Zhuo and {Wang}, Xiang-Yu},
        title = "{On the magnetization of gamma-ray burst blast waves}",
      journal = {\mnras},
     keywords = {acceleration of particles, shock waves, gamma-ray burst: general, Astrophysics - High Energy Astrophysical Phenomena, Astrophysics - Cosmology and Nongalactic Astrophysics, Physics - Plasma Physics},
         year = 2013,
        month = nov,
       volume = {435},
       number = {4},
        pages = {3009-3016},
          doi = {10.1093/mnras/stt1494},
archivePrefix = {arXiv},
       eprint = {1305.3689},
 primaryClass = {astro-ph.HE},
       adsurl = {https://ui.adsabs.harvard.edu/abs/2013MNRAS.435.3009L},
      adsnote = {Provided by the SAO/NASA Astrophysics Data System}
}

@ARTICLE{lemoine15,
       author = {{Lemoine}, Martin},
        title = "{The synchrotron self-Compton spectrum of relativistic blast waves at large Y}",
      journal = {\mnras},
     keywords = {acceleration of particles, shock waves, gamma-ray burst: general, Astrophysics - High Energy Astrophysical Phenomena},
         year = 2015,
        month = nov,
       volume = {453},
       number = {4},
        pages = {3772-3784},
          doi = {10.1093/mnras/stv1800},
archivePrefix = {arXiv},
       eprint = {1508.07830},
 primaryClass = {astro-ph.HE},
       adsurl = {https://ui.adsabs.harvard.edu/abs/2015MNRAS.453.3772L},
      adsnote = {Provided by the SAO/NASA Astrophysics Data System}
}



@ARTICLE{LBM20,
       author = {{Lu}, Wenbin and {Beniamini}, Paz and {McDowell}, Austin},
        title = "{Deceleration of relativistic jets with lateral expansion}",
      journal = {arXiv e-prints},
     keywords = {Astrophysics - High Energy Astrophysical Phenomena, Astrophysics - Instrumentation and Methods for Astrophysics, Physics - Fluid Dynamics},
         year = 2020,
        month = may,
          eid = {arXiv:2005.10313},
        pages = {arXiv:2005.10313},
archivePrefix = {arXiv},
       eprint = {2005.10313},
 primaryClass = {astro-ph.HE},
       adsurl = {https://ui.adsabs.harvard.edu/abs/2020arXiv200510313L},
      adsnote = {Provided by the SAO/NASA Astrophysics Data System}
}

@ARTICLE{MR,
       author = {{Meszaros}, P. and {Rees}, M.~J.},
        title = "{Tidal Heating and Mass Loss in Neutron Star Binaries: Implications for Gamma-Ray Burst Models}",
      journal = {\apj},
     keywords = {Astronomical Models, Binary Stars, Gamma Ray Bursts, Neutron Stars, Stellar Mass Ejection, Black Holes (Astronomy), Computational Astrophysics, Pulsar Magnetospheres, Stellar Orbits, Stellar Physics, Astrophysics, GAMMA RAYS: BURSTS, STARS: BINARIES: CLOSE, STARS: MASS LOSS, STARS: NEUTRON},
         year = 1992,
        month = oct,
       volume = {397},
        pages = {570},
          doi = {10.1086/171813},
       adsurl = {https://ui.adsabs.harvard.edu/abs/1992ApJ...397..570M},
      adsnote = {Provided by the SAO/NASA Astrophysics Data System}
}



@ARTICLE{2012ApJ...750L..13M,
       author = {{Moriya}, Takashi J.},
        title = "{Progenitors of Recombining Supernova Remnants}",
      journal = {\apjl},
     keywords = {ISM: supernova remnants, supernovae: general, Astrophysics - High Energy Astrophysical Phenomena},
         year = 2012,
        month = may,
       volume = {750},
       number = {1},
          eid = {L13},
        pages = {L13},
          doi = {10.1088/2041-8205/750/1/L13},
archivePrefix = {arXiv},
       eprint = {1203.5799},
 primaryClass = {astro-ph.HE},
       adsurl = {https://ui.adsabs.harvard.edu/abs/2012ApJ...750L..13M},
      adsnote = {Provided by the SAO/NASA Astrophysics Data System}
}

@MISC{moro1,
       author = {{Morozova}, V. and {Ott}, C.~D. and {Piro}, A.~L.},
        title = "{SNEC: SuperNova Explosion Code}",
     keywords = {Software},
         year = 2015,
        month = may,
          eid = {ascl:1505.033},
        pages = {ascl:1505.033},
archivePrefix = {ascl},
       eprint = {1505.033},
       adsurl = {https://ui.adsabs.harvard.edu/abs/2015ascl.soft05033M},
      adsnote = {Provided by the SAO/NASA Astrophysics Data System}
}

@ARTICLE{moro2,
       author = {{Morozova}, Viktoriya and {Piro}, Anthony L. and {Renzo}, Mathieu and
         {Ott}, Christian D. and {Clausen}, Drew and {Couch}, Sean M. and
         {Ellis}, Justin and {Roberts}, Luke F.},
        title = "{Light Curves of Core-collapse Supernovae with Substantial Mass Loss Using the New Open-source SuperNova Explosion Code (SNEC)}",
      journal = {\apj},
     keywords = {hydrodynamics, radiative transfer, supernovae: general, Astrophysics - High Energy Astrophysical Phenomena, Astrophysics - Solar and Stellar Astrophysics},
         year = 2015,
        month = nov,
       volume = {814},
       number = {1},
          eid = {63},
        pages = {63},
          doi = {10.1088/0004-637X/814/1/63},
archivePrefix = {arXiv},
       eprint = {1505.06746},
 primaryClass = {astro-ph.HE},
       adsurl = {https://ui.adsabs.harvard.edu/abs/2015ApJ...814...63M},
      adsnote = {Provided by the SAO/NASA Astrophysics Data System}
}

@ARTICLE{Nakar,
       author = {{Nakar}, Ehud and {Ando}, Shin'ichiro and {Sari}, Re'em},
        title = "{Klein-Nishina Effects on Optically Thin Synchrotron and Synchrotron Self-Compton Spectrum}",
      journal = {\apj},
     keywords = {galaxies: active, gamma rays: bursts, pulsars: general, radiation mechanisms: non-thermal, Astrophysics - High Energy Astrophysical Phenomena},
         year = 2009,
        month = sep,
       volume = {703},
       number = {1},
        pages = {675-691},
          doi = {10.1088/0004-637X/703/1/675},
archivePrefix = {arXiv},
       eprint = {0903.2557},
 primaryClass = {astro-ph.HE},
       adsurl = {https://ui.adsabs.harvard.edu/abs/2009ApJ...703..675N},
      adsnote = {Provided by the SAO/NASA Astrophysics Data System}
}

@ARTICLE{Nava,
       author = {{Nava}, L. and {Vianello}, G. and {Omodei}, N. and {Ghisellini}, G. and
         {Ghirlanda}, G. and {Celotti}, A. and {Longo}, F. and {Desiante}, R. and
         {Barniol Duran}, R.},
        title = "{Clustering of LAT light curves: a clue to the origin of high-energy emission in gamma-ray bursts}",
      journal = {\mnras},
     keywords = {radiation mechanisms: non-thermal, gamma-rays: general, Astrophysics - High Energy Astrophysical Phenomena},
         year = 2014,
        month = oct,
       volume = {443},
       number = {4},
        pages = {3578-3585},
          doi = {10.1093/mnras/stu1451},
archivePrefix = {arXiv},
       eprint = {1406.6693},
 primaryClass = {astro-ph.HE},
       adsurl = {https://ui.adsabs.harvard.edu/abs/2014MNRAS.443.3578N},
      adsnote = {Provided by the SAO/NASA Astrophysics Data System}
}

@ARTICLE{2017MNRAS.472.3749O,
       author = {{Owocki}, Stanley P. and {Townsend}, Richard H.~D. and {Quataert}, Eliot},
        title = "{Super-Eddington stellar winds: unifying radiative-enthalpy versus flux-driven models}",
      journal = {\mnras},
     keywords = {stars: early-type, stars: mass loss, supernovae: general, stars: winds, outflows, Astrophysics - Solar and Stellar Astrophysics},
         year = 2017,
        month = dec,
       volume = {472},
       number = {3},
        pages = {3749-3760},
          doi = {10.1093/mnras/stx2251},
archivePrefix = {arXiv},
       eprint = {1708.07790},
 primaryClass = {astro-ph.SR},
       adsurl = {https://ui.adsabs.harvard.edu/abs/2017MNRAS.472.3749O},
      adsnote = {Provided by the SAO/NASA Astrophysics Data System}
}

@ARTICLE{PK,
       author = {{Panaitescu}, A. and {Kumar}, P.},
        title = "{Fundamental Physical Parameters of Collimated Gamma-Ray Burst Afterglows}",
      journal = {\apjl},
     keywords = {Gamma Rays: Bursts, ISM: Jets and Outflows, Radiation Mechanisms: Nonthermal, Shock Waves, Astrophysics},
         year = 2001,
        month = oct,
       volume = {560},
       number = {1},
        pages = {L49-L53},
          doi = {10.1086/324061},
archivePrefix = {arXiv},
       eprint = {astro-ph/0108045},
 primaryClass = {astro-ph},
       adsurl = {https://ui.adsabs.harvard.edu/abs/2001ApJ...560L..49P},
      adsnote = {Provided by the SAO/NASA Astrophysics Data System}
}

@ARTICLE{PK02,
       author = {{Panaitescu}, A. and {Kumar}, P.},
        title = "{Properties of Relativistic Jets in Gamma-Ray Burst Afterglows}",
      journal = {\apj},
     keywords = {Gamma Rays: Bursts},
         year = 2002,
        month = jun,
       volume = {571},
       number = {2},
        pages = {779-789},
          doi = {10.1086/340094},
       adsurl = {https://ui.adsabs.harvard.edu/abs/2002ApJ...571..779P},
      adsnote = {Provided by the SAO/NASA Astrophysics Data System}
}

@ARTICLE{pat15,
       author = {{Patnaude}, Daniel J. and {Lee}, Shiu-Hang and {Slane}, Patrick O. and
         {Badenes}, Carles and {Heger}, Alexander and {Ellison}, Donald C. and
         {Nagataki}, Shigehiro},
        title = "{Are Models for Core-collapse Supernova Progenitors Consistent with the Properties of Supernova Remnants?}",
      journal = {\apj},
     keywords = {ISM: abundances, ISM: supernova remnants, stars: mass-loss, supernovae: general, X-rays: ISM, Astrophysics - High Energy Astrophysical Phenomena},
         year = 2015,
        month = apr,
       volume = {803},
       number = {2},
          eid = {101},
        pages = {101},
          doi = {10.1088/0004-637X/803/2/101},
archivePrefix = {arXiv},
       eprint = {1502.04374},
 primaryClass = {astro-ph.HE},
       adsurl = {https://ui.adsabs.harvard.edu/abs/2015ApJ...803..101P},
      adsnote = {Provided by the SAO/NASA Astrophysics Data System}
}

@ARTICLE{pat17,
       author = {{Patnaude}, Daniel J. and {Lee}, Shiu-Hang and {Slane}, Patrick O. and
         {Badenes}, Carles and {Nagataki}, Shigehiro and {Ellison}, Donald C. and
         {Milisavljevic}, Dan},
        title = "{The Impact of Progenitor Mass Loss on the Dynamical and Spectral Evolution of Supernova Remnants}",
      journal = {\apj},
     keywords = {circumstellar matter, ISM: supernova remnants, nuclear reactions, nucleosynthesis, abundances, stars: mass-loss, supernovae: general, X-rays: general, Astrophysics - High Energy Astrophysical Phenomena},
         year = 2017,
        month = nov,
       volume = {849},
       number = {2},
          eid = {109},
        pages = {109},
          doi = {10.3847/1538-4357/aa9189},
archivePrefix = {arXiv},
       eprint = {1708.04984},
 primaryClass = {astro-ph.HE},
       adsurl = {https://ui.adsabs.harvard.edu/abs/2017ApJ...849..109P},
      adsnote = {Provided by the SAO/NASA Astrophysics Data System}
}

@ARTICLE{paxton1,
       author = {{Paxton}, Bill and {Bildsten}, Lars and {Dotter}, Aaron and
         {Herwig}, Falk and {Lesaffre}, Pierre and {Timmes}, Frank},
        title = "{Modules for Experiments in Stellar Astrophysics (MESA)}",
      journal = {\apjs},
     keywords = {methods: numerical, stars: evolution, stars: general, Astrophysics - Solar and Stellar Astrophysics, Astrophysics - Instrumentation and Methods for Astrophysics},
         year = 2011,
        month = jan,
       volume = {192},
       number = {1},
          eid = {3},
        pages = {3},
          doi = {10.1088/0067-0049/192/1/3},
archivePrefix = {arXiv},
       eprint = {1009.1622},
 primaryClass = {astro-ph.SR},
       adsurl = {https://ui.adsabs.harvard.edu/abs/2011ApJS..192....3P},
      adsnote = {Provided by the SAO/NASA Astrophysics Data System}
}

@ARTICLE{paxton2,
       author = {{Paxton}, Bill and {Cantiello}, Matteo and {Arras}, Phil and
         {Bildsten}, Lars and {Brown}, Edward F. and {Dotter}, Aaron and
         {Mankovich}, Christopher and {Montgomery}, M.~H. and {Stello}, Dennis and
         {Timmes}, F.~X. and {Townsend}, Richard},
        title = "{Modules for Experiments in Stellar Astrophysics (MESA): Planets, Oscillations, Rotation, and Massive Stars}",
      journal = {\apjs},
     keywords = {asteroseismology, methods: numerical, planets and satellites: physical evolution, stars: evolution, stars: massive, stars: rotation, Astrophysics - Solar and Stellar Astrophysics, Astrophysics - Instrumentation and Methods for Astrophysics},
         year = 2013,
        month = sep,
       volume = {208},
       number = {1},
          eid = {4},
        pages = {4},
          doi = {10.1088/0067-0049/208/1/4},
archivePrefix = {arXiv},
       eprint = {1301.0319},
 primaryClass = {astro-ph.SR},
       adsurl = {https://ui.adsabs.harvard.edu/abs/2013ApJS..208....4P},
      adsnote = {Provided by the SAO/NASA Astrophysics Data System}
}

@ARTICLE{paxton3,
       author = {{Paxton}, Bill and {Marchant}, Pablo and {Schwab}, Josiah and
         {Bauer}, Evan B. and {Bildsten}, Lars and {Cantiello}, Matteo and
         {Dessart}, Luc and {Farmer}, R. and {Hu}, H. and {Langer}, N. and
         {Townsend}, R.~H.~D. and {Townsley}, Dean M. and {Timmes}, F.~X.},
        title = "{Modules for Experiments in Stellar Astrophysics (MESA): Binaries, Pulsations, and Explosions}",
      journal = {\apjs},
     keywords = {binaries: general, methods: numerical, nuclear reactions, nucleosynthesis, abundances, shock waves, stars: evolution, stars: oscillations, Astrophysics - Solar and Stellar Astrophysics},
         year = 2015,
        month = sep,
       volume = {220},
       number = {1},
          eid = {15},
        pages = {15},
          doi = {10.1088/0067-0049/220/1/15},
archivePrefix = {arXiv},
       eprint = {1506.03146},
 primaryClass = {astro-ph.SR},
       adsurl = {https://ui.adsabs.harvard.edu/abs/2015ApJS..220...15P},
      adsnote = {Provided by the SAO/NASA Astrophysics Data System}
}

@ARTICLE{paxton4,
       author = {{Paxton}, Bill and {Schwab}, Josiah and {Bauer}, Evan B. and
         {Bildsten}, Lars and {Blinnikov}, Sergei and {Duffell}, Paul and
         {Farmer}, R. and {Goldberg}, Jared A. and {Marchant}, Pablo and
         {Sorokina}, Elena and {Thoul}, Anne and {Townsend}, Richard H.~D. and
         {Timmes}, F.~X.},
        title = "{Modules for Experiments in Stellar Astrophysics (MESA): Convective Boundaries, Element Diffusion, and Massive Star Explosions}",
      journal = {\apjs},
     keywords = {convection, diffusion, hydrodynamics, methods: numerical, stars: evolution, supernovae: general, Astrophysics - Solar and Stellar Astrophysics, Astrophysics - High Energy Astrophysical Phenomena},
         year = 2018,
        month = feb,
       volume = {234},
       number = {2},
          eid = {34},
        pages = {34},
          doi = {10.3847/1538-4365/aaa5a8},
archivePrefix = {arXiv},
       eprint = {1710.08424},
 primaryClass = {astro-ph.SR},
       adsurl = {https://ui.adsabs.harvard.edu/abs/2018ApJS..234...34P},
      adsnote = {Provided by the SAO/NASA Astrophysics Data System}
}

@ARTICLE{paxton5,
       author = {{Paxton}, Bill and {Smolec}, R. and {Schwab}, Josiah and {Gautschy}, A. and
         {Bildsten}, Lars and {Cantiello}, Matteo and {Dotter}, Aaron and
         {Farmer}, R. and {Goldberg}, Jared A. and {Jermyn}, Adam S. and
         {Kanbur}, S.~M. and {Marchant}, Pablo and {Thoul}, Anne and
         {Townsend}, Richard H.~D. and {Wolf}, William M. and {Zhang}, Michael and
         {Timmes}, F.~X.},
        title = "{Modules for Experiments in Stellar Astrophysics (MESA): Pulsating Variable Stars, Rotation, Convective Boundaries, and Energy Conservation}",
      journal = {\apjs},
     keywords = {stars: evolution, stars: general, stars: interiors, stars: oscillations:  including pulsations, stars: rotation, stars: variables: general, Astrophysics - Solar and Stellar Astrophysics},
         year = 2019,
        month = jul,
       volume = {243},
       number = {1},
          eid = {10},
        pages = {10},
          doi = {10.3847/1538-4365/ab2241},
archivePrefix = {arXiv},
       eprint = {1903.01426},
 primaryClass = {astro-ph.SR},
       adsurl = {https://ui.adsabs.harvard.edu/abs/2019ApJS..243...10P},
      adsnote = {Provided by the SAO/NASA Astrophysics Data System}
}

@ARTICLE{QSwave,
       author = {{Quataert}, E. and {Shiode}, J.},
        title = "{Wave-driven mass loss in the last year of stellar evolution: setting the stage for the most luminous core-collapse supernovae}",
      journal = {\mnras},
     keywords = {stars: mass loss, supernovae: general, Astrophysics - Solar and Stellar Astrophysics},
         year = 2012,
        month = jun,
       volume = {423},
       number = {1},
        pages = {L92-L96},
          doi = {10.1111/j.1745-3933.2012.01264.x},
archivePrefix = {arXiv},
       eprint = {1202.5036},
 primaryClass = {astro-ph.SR},
       adsurl = {https://ui.adsabs.harvard.edu/abs/2012MNRAS.423L..92Q},
      adsnote = {Provided by the SAO/NASA Astrophysics Data System}
}



@ARTICLE{RM92,
       author = {{Rees}, M.~J. and {Meszaros}, P.},
        title = "{Relativistic fireballs - Energy conversion and time-scales.}",
      journal = {\mnras},
     keywords = {Compton Effect, Gamma Ray Bursts, Neutron Stars, Relativity, Stellar Envelopes, Baryons, Fireballs, Interstellar Matter, Kinetic Energy, Astrophysics},
         year = 1992,
        month = sep,
       volume = {258},
        pages = {41},
          doi = {10.1093/mnras/258.1.41P},
       adsurl = {https://ui.adsabs.harvard.edu/abs/1992MNRAS.258P..41R},
      adsnote = {Provided by the SAO/NASA Astrophysics Data System}
}

@ARTICLE{rest,
       author = {{Rest}, A. and {Welch}, D.~L. and {Suntzeff}, N.~B. and {Oaster}, L. and
         {Lanning}, H. and {Olsen}, K. and {Smith}, R.~C. and {Becker}, A.~C. and
         {Bergmann}, M. and {Challis}, P. and {Clocchiatti}, A. and
         {Cook}, K.~H. and {Damke}, G. and {Garg}, A. and {Huber}, M.~E. and
         {Matheson}, T. and {Minniti}, D. and {Prieto}, J.~L. and
         {Wood-Vasey}, W.~M.},
        title = "{Scattered-Light Echoes from the Historical Galactic Supernovae Cassiopeia A and Tycho (SN 1572)}",
      journal = {\apjl},
     keywords = {ISM: individual: Cassiopeia A Tycho, supernova remnants, supernovae: general, Astrophysics},
         year = 2008,
        month = jul,
       volume = {681},
       number = {2},
        pages = {L81},
          doi = {10.1086/590427},
archivePrefix = {arXiv},
       eprint = {0805.4607},
 primaryClass = {astro-ph},
       adsurl = {https://ui.adsabs.harvard.edu/abs/2008ApJ...681L..81R},
      adsnote = {Provided by the SAO/NASA Astrophysics Data System}
}

@ARTICLE{R99,
       author = {{Rhoads}, James E.},
        title = "{The Dynamics and Light Curves of Beamed Gamma-Ray Burst Afterglows}",
      journal = {\apj},
     keywords = {GAMMA RAYS: BURSTS, Gamma Rays: Bursts, Astrophysics},
         year = 1999,
        month = nov,
       volume = {525},
       number = {2},
        pages = {737-749},
          doi = {10.1086/307907},
archivePrefix = {arXiv},
       eprint = {astro-ph/9903399},
 primaryClass = {astro-ph},
       adsurl = {https://ui.adsabs.harvard.edu/abs/1999ApJ...525..737R},
      adsnote = {Provided by the SAO/NASA Astrophysics Data System}
}

@ARTICLE{R09,
       author = {{Rhoads}, James E. and {Malhotra}, Sangeeta and {Pirzkal}, Norbert and
         {Dickinson}, Mark and {Cohen}, Seth and {Grogin}, Norman and
         {Hathi}, Nimish and {Xu}, Chun and {Ferreras}, Ignacio and
         {Gronwall}, Caryl and {Koekemoer}, Anton and {K{\"u}mmel}, Martin and
         {Meurer}, Gerhardt and {Panagia}, Nino and {Pasquali}, Anna and
         {Ryan}, Russell and {Straughn}, Amber and {Walsh}, Jeremy and
         {Windhorst}, Rogier A. and {Yan}, Hao-Jing},
        title = "{Spectroscopic Confirmation of Faint Lyman Break Galaxies Near Redshift Five in the Hubble Ultra Deep Field}",
      journal = {\apj},
     keywords = {galaxies: formation, galaxies: high-redshift, galaxies: starburst, Astrophysics},
         year = 2009,
        month = may,
       volume = {697},
       number = {1},
        pages = {942-949},
          doi = {10.1088/0004-637X/697/1/942},
archivePrefix = {arXiv},
       eprint = {0805.1056},
 primaryClass = {astro-ph},
       adsurl = {https://ui.adsabs.harvard.edu/abs/2009ApJ...697..942R},
      adsnote = {Provided by the SAO/NASA Astrophysics Data System}
}

@ARTICLE{LR20,
       author = {{Rhodes}, L. and {van der Horst}, A.~J. and {Fender}, R. and
         {Monageng}, I.~M. and {Anderson}, G.~E. and {Antoniadis}, J. and
         {Bietenholz}, M.~F. and {B{\"o}ttcher}, M. and {Bright}, J.~S. and
         {Green}, D.~A. and {Kouveliotou}, C. and {Kramer}, M. and
         {Motta}, S.~E. and {Wijers}, R.~A.~M.~J. and {Williams}, D.~R.~A. and
         {Woudt}, P.~A.},
        title = "{Radio Afterglows of Very High Energy Gamma-Ray Bursts 190829A and 180720B}",
      journal = {\mnras},
     keywords = {GRB 180720B, gamma-ray bursts: individual: GRB 190829A, radio continuum: transients, Astrophysics - High Energy Astrophysical Phenomena},
         year = 2020,
        month = jun,
          doi = {10.1093/mnras/staa1715},
archivePrefix = {arXiv},
       eprint = {2004.01538},
 primaryClass = {astro-ph.HE},
       adsurl = {https://ui.adsabs.harvard.edu/abs/2020MNRAS.tmp.1856R},
      adsnote = {Provided by the SAO/NASA Astrophysics Data System}
}

@ARTICLE{SF1,
       author = {{Ryan}, Geoffrey and {van Eerten}, Hendrik and {MacFadyen}, Andrew and
         {Zhang}, Bin-Bin},
        title = "{Gamma-Ray Bursts are Observed Off-axis}",
      journal = {\apj},
     keywords = {gamma-ray burst: general, hydrodynamics, methods: data analysis, shock waves, Astrophysics - High Energy Astrophysical Phenomena},
         year = 2015,
        month = jan,
       volume = {799},
       number = {1},
          eid = {3},
        pages = {3},
          doi = {10.1088/0004-637X/799/1/3},
archivePrefix = {arXiv},
       eprint = {1405.5516},
 primaryClass = {astro-ph.HE},
       adsurl = {https://ui.adsabs.harvard.edu/abs/2015ApJ...799....3R},
      adsnote = {Provided by the SAO/NASA Astrophysics Data System}
}

@BOOK{RL,
       author = {{Rybicki}, George B. and {Lightman}, Alan P.},
        title = "{Radiative processes in astrophysics}",
         year = 1979,
       adsurl = {https://ui.adsabs.harvard.edu/abs/1979rpa..book.....R},
      adsnote = {Provided by the SAO/NASA Astrophysics Data System},
      publisher = {"Wiley"}
}

@ARTICLE{se01,
       author = {{Sari}, Re'em and {Esin}, Ann A.},
        title = "{On the Synchrotron Self-Compton Emission from Relativistic Shocks and Its Implications for Gamma-Ray Burst Afterglows}",
      journal = {\apj},
     keywords = {Gamma Rays: Bursts, Radiation Mechanisms: Nonthermal, Astrophysics},
         year = 2001,
        month = feb,
       volume = {548},
       number = {2},
        pages = {787-799},
          doi = {10.1086/319003},
archivePrefix = {arXiv},
       eprint = {astro-ph/0005253},
 primaryClass = {astro-ph},
       adsurl = {https://ui.adsabs.harvard.edu/abs/2001ApJ...548..787S},
      adsnote = {Provided by the SAO/NASA Astrophysics Data System}
}

@ARTICLE{AGn,
       author = {{Sari}, Re'em and {Narayan}, Ramesh and {Piran}, Tsvi},
        title = "{Cooling Timescales and Temporal Structure of Gamma-Ray Bursts}",
      journal = {\apj},
     keywords = {GAMMA RAYS: BURSTS, HYDRODYNAMICS, RADIATION MECHANISMS: NONTHERMAL, RELATIVITY, SHOCK WAVES, Astrophysics},
         year = 1996,
        month = dec,
       volume = {473},
        pages = {204},
          doi = {10.1086/178136},
archivePrefix = {arXiv},
       eprint = {astro-ph/9605005},
 primaryClass = {astro-ph},
       adsurl = {https://ui.adsabs.harvard.edu/abs/1996ApJ...473..204S},
      adsnote = {Provided by the SAO/NASA Astrophysics Data System}
}

@ARTICLE{AG1,
       author = {{Sari}, Re'em and {Piran}, Tsvi and {Narayan}, Ramesh},
        title = "{Spectra and Light Curves of Gamma-Ray Burst Afterglows}",
      journal = {\apjl},
     keywords = {GAMMA RAYS: BURSTS, HYDRODYNAMICS, SHOCK WAVES, RELATIVITY, Gamma Rays: Bursts, Hydrodynamics, Relativity, Shock Waves, Astrophysics},
         year = 1998,
        month = apr,
       volume = {497},
       number = {1},
        pages = {L17-L20},
          doi = {10.1086/311269},
archivePrefix = {arXiv},
       eprint = {astro-ph/9712005},
 primaryClass = {astro-ph},
       adsurl = {https://ui.adsabs.harvard.edu/abs/1998ApJ...497L..17S},
      adsnote = {Provided by the SAO/NASA Astrophysics Data System}
}

@ARTICLE{SQwave,
       author = {{Shiode}, Joshua H. and {Quataert}, Eliot},
        title = "{Setting the Stage for Circumstellar Interaction in Core-Collapse Supernovae. II. Wave-driven Mass Loss in Supernova Progenitors}",
      journal = {\apj},
     keywords = {stars: mass-loss, stars: winds, outflows, supernovae: general, Astrophysics - Solar and Stellar Astrophysics},
         year = 2014,
        month = jan,
       volume = {780},
       number = {1},
          eid = {96},
        pages = {96},
          doi = {10.1088/0004-637X/780/1/96},
archivePrefix = {arXiv},
       eprint = {1308.5978},
 primaryClass = {astro-ph.SR},
       adsurl = {https://ui.adsabs.harvard.edu/abs/2014ApJ...780...96S},
      adsnote = {Provided by the SAO/NASA Astrophysics Data System}
}

@ARTICLE{TM,
       author = {{Truelove}, J. Kelly and {McKee}, Christopher F.},
        title = "{Evolution of Nonradiative Supernova Remnants}",
      journal = {\apjs},
     keywords = {HYDRODYNAMICS, SHOCK WAVES, ISM: SUPERNOVA REMNANTS, STARS: SUPERNOVAE: GENERAL, Hydrodynamics, Shock Waves, ISM: Supernova Remnants, Stars: Supernovae: General},
         year = 1999,
        month = feb,
       volume = {120},
       number = {2},
        pages = {299-326},
          doi = {10.1086/313176},
       adsurl = {https://ui.adsabs.harvard.edu/abs/1999ApJS..120..299T},
      adsnote = {Provided by the SAO/NASA Astrophysics Data System}
}

@ARTICLE{UD1,
       author = {{Updike}, Adria C. and {Haislip}, Josh B. and {Nysewander}, Melissa C. and
         {Fruchter}, Andrew S. and {Kann}, D. Alexander and {Klose}, Sylvio and
         {Milne}, Peter A. and {Williams}, G. Grant and {Zheng}, Weikang and
         {Hergenrother}, Carl W. and {Prochaska}, Jason X. and
         {Halpern}, Jules P. and {Mirabal}, Nestor and {Thorstensen}, John R. and
         {van der Horst}, Alexander J. and {Starling}, Rhaana L.~C. and
         {Racusin}, Judith L. and {Burrows}, David N. and {Kuin}, N.~P.~M. and
         {Roming}, Peter W.~A. and {Bellm}, Eric and {Hurley}, Kevin and
         {Li}, Weidong and {Filippenko}, Alexei V. and {Blake}, Cullen and
         {Starr}, Dan and {Falco}, Emilio E. and {Brown}, Warren R. and
         {Dai}, Xinyu and {Deng}, Jinsong and {Xin}, Liping and {Qiu}, Yulei and
         {Wei}, Jianyan and {Urata}, Yuji and {Nanni}, Domenico and
         {Maiorano}, Elisabetta and {Palazzi}, Eliana and {Greco}, Giuseppe and
         {Bartolini}, Corrado and {Guarnieri}, Adriano and
         {Piccioni}, Adalberto and {Pizzichini}, Graziella and
         {Terra}, Federica and {Misra}, Kuntal and {Bhatt}, B.~C. and
         {Anupama}, G.~C. and {Fan}, X. and {Jiang}, L. and
         {Wijers}, Ralph A.~M.~J. and {Reichart}, Daniel E. and {Eid}, Hala A. and
         {Bryngelson}, Ginger and {Puls}, Jason and {Goldthwaite}, R.~C. and
         {Hartmann}, Dieter H.},
        title = "{The Rapidly Flaring Afterglow of the Very Bright and Energetic GRB 070125}",
      journal = {\apj},
     keywords = {gamma rays: bursts, Astrophysics},
         year = 2008,
        month = sep,
       volume = {685},
       number = {1},
        pages = {361-375},
          doi = {10.1086/590236},
archivePrefix = {arXiv},
       eprint = {0805.1094},
 primaryClass = {astro-ph},
       adsurl = {https://ui.adsabs.harvard.edu/abs/2008ApJ...685..361U},
      adsnote = {Provided by the SAO/NASA Astrophysics Data System}
}



@ARTICLE{GW17,
       author = {{Valenti}, Stefano and {Sand}, David J. and {Yang}, Sheng and
         {Cappellaro}, Enrico and {Tartaglia}, Leonardo and {Corsi}, Alessandra and
         {Jha}, Saurabh W. and {Reichart}, Daniel E. and {Haislip}, Joshua and
         {Kouprianov}, Vladimir},
        title = "{The Discovery of the Electromagnetic Counterpart of GW170817: Kilonova AT 2017gfo/DLT17ck}",
      journal = {\apjl},
     keywords = {stars: neutron, surveys, Astrophysics - High Energy Astrophysical Phenomena, Astrophysics - Cosmology and Nongalactic Astrophysics},
         year = 2017,
        month = oct,
       volume = {848},
       number = {2},
          eid = {L24},
        pages = {L24},
          doi = {10.3847/2041-8213/aa8edf},
archivePrefix = {arXiv},
       eprint = {1710.05854},
 primaryClass = {astro-ph.HE},
       adsurl = {https://ui.adsabs.harvard.edu/abs/2017ApJ...848L..24V},
      adsnote = {Provided by the SAO/NASA Astrophysics Data System}
}

@ARTICLE{van2011numpy,
       author = {{van der Walt}, St{\'e}fan and {Colbert}, S. Chris and
         {Varoquaux}, Ga{\"e}l},
        title = "{The NumPy Array: A Structure for Efficient Numerical Computation}",
      journal = {Computing in Science and Engineering},
     keywords = {Computer Science - Mathematical Software},
         year = 2011,
        month = mar,
       volume = {13},
       number = {2},
        pages = {22-30},
          doi = {10.1109/MCSE.2011.37},
archivePrefix = {arXiv},
       eprint = {1102.1523},
 primaryClass = {cs.MS},
       adsurl = {https://ui.adsabs.harvard.edu/abs/2011CSE....13b..22V},
      adsnote = {Provided by the SAO/NASA Astrophysics Data System}
}
@ARTICLE{vezmf10,
       author = {{van Eerten}, Hendrik and {Zhang}, Weiqun and {MacFadyen}, Andrew},
        title = "{Off-axis Gamma-ray Burst Afterglow Modeling Based on a Two-dimensional Axisymmetric Hydrodynamics Simulation}",
      journal = {\apj},
     keywords = {acceleration of particles, gamma-ray burst: general, hydrodynamics, methods: numerical, relativistic processes, shock waves, Astrophysics - High Energy Astrophysical Phenomena, Astrophysics - Cosmology and Nongalactic Astrophysics, Astrophysics - Solar and Stellar Astrophysics},
         year = 2010,
        month = oct,
       volume = {722},
       number = {1},
        pages = {235-247},
          doi = {10.1088/0004-637X/722/1/235},
archivePrefix = {arXiv},
       eprint = {1006.5125},
 primaryClass = {astro-ph.HE},
       adsurl = {https://ui.adsabs.harvard.edu/abs/2010ApJ...722..235V},
      adsnote = {Provided by the SAO/NASA Astrophysics Data System}
}


@ARTICLE{vetajvdh,
       author = {{van Eerten}, Hendrik and {van der Horst}, Alexander and
         {MacFadyen}, Andrew},
        title = "{Gamma-Ray Burst Afterglow Broadband Fitting Based Directly on Hydrodynamics Simulations}",
      journal = {\apj},
     keywords = {gamma-ray burst: general, hydrodynamics, methods: data analysis, relativistic processes, shock waves, Astrophysics - High Energy Astrophysical Phenomena, Astrophysics - Instrumentation and Methods for Astrophysics},
         year = 2012,
        month = apr,
       volume = {749},
       number = {1},
          eid = {44},
        pages = {44},
          doi = {10.1088/0004-637X/749/1/44},
archivePrefix = {arXiv},
       eprint = {1110.5089},
 primaryClass = {astro-ph.HE},
       adsurl = {https://ui.adsabs.harvard.edu/abs/2012ApJ...749...44V},
      adsnote = {Provided by the SAO/NASA Astrophysics Data System}
}

@ARTICLE{ve11,
       author = {{van Eerten}, H.~J.},
        title = "{Simulation and physical model based gamma-ray burst afterglow analysis}",
      journal = {Journal of High Energy Astrophysics},
     keywords = {Astrophysics - High Energy Astrophysical Phenomena},
         year = 2015,
        month = sep,
       volume = {7},
        pages = {23-34},
          doi = {10.1016/j.jheap.2015.04.004},
archivePrefix = {arXiv},
       eprint = {1503.05308},
 primaryClass = {astro-ph.HE},
       adsurl = {https://ui.adsabs.harvard.edu/abs/2015JHEAp...7...23V},
      adsnote = {Provided by the SAO/NASA Astrophysics Data System}
}

@ARTICLE{vl05,
       author = {{van Loon}, J. Th. and {Cioni}, M. -R.~L. and {Zijlstra}, A.~A. and
         {Loup}, C.},
        title = "{An empirical formula for the mass-loss rates of dust-enshrouded red supergiants and oxygen-rich Asymptotic Giant Branch stars}",
      journal = {\aap},
     keywords = {stars: AGB and post-AGB, stars: carbon, stars: mass-loss, supergiants, Magellanic Clouds, infrared: stars, Astrophysics},
         year = 2005,
        month = jul,
       volume = {438},
       number = {1},
        pages = {273-289},
          doi = {10.1051/0004-6361:20042555},
archivePrefix = {arXiv},
       eprint = {astro-ph/0504379},
 primaryClass = {astro-ph},
       adsurl = {https://ui.adsabs.harvard.edu/abs/2005A&A...438..273V},
      adsnote = {Provided by the SAO/NASA Astrophysics Data System}
}



@ARTICLE{verner,
       author = {{Verner}, D.~A. and {Ferland}, G.~J. and {Korista}, K.~T. and
         {Yakovlev}, D.~G.},
        title = "{Atomic Data for Astrophysics. II. New Analytic FITS for Photoionization Cross Sections of Atoms and Ions}",
      journal = {\apj},
     keywords = {ATOMIC DATA, ATOMIC PROCESSES, Astrophysics, Physics - Atomic Physics},
         year = 1996,
        month = jul,
       volume = {465},
        pages = {487},
          doi = {10.1086/177435},
archivePrefix = {arXiv},
       eprint = {astro-ph/9601009},
 primaryClass = {astro-ph},
       adsurl = {https://ui.adsabs.harvard.edu/abs/1996ApJ...465..487V},
      adsnote = {Provided by the SAO/NASA Astrophysics Data System}
}

@ARTICLE{wang,
       author = {{Wang}, Xiang-Yu and {Liu}, Ruo-Yu and {Zhang}, Hai-Ming and
         {Xi}, Shao-Qiang and {Zhang}, Bing},
        title = "{Synchrotron Self-Compton Emission from External Shocks as the Origin of the Sub-TeV Emission in GRB 180720B and GRB 190114C}",
      journal = {\apj},
     keywords = {gamma-ray burst: general, Astrophysics - High Energy Astrophysical Phenomena},
         year = 2019,
        month = oct,
       volume = {884},
       number = {2},
          eid = {117},
        pages = {117},
          doi = {10.3847/1538-4357/ab426c},
archivePrefix = {arXiv},
       eprint = {1905.11312},
 primaryClass = {astro-ph.HE},
       adsurl = {https://ui.adsabs.harvard.edu/abs/2019ApJ...884..117W},
      adsnote = {Provided by the SAO/NASA Astrophysics Data System}
}


@ARTICLE{wrm97,
       author = {{Wijers}, Ralph A.~M.~J. and {Rees}, Martin J. and {Meszaros}, Peter},
        title = "{Shocked by GRB 970228: the afterglow of a cosmological fireball}",
      journal = {\mnras},
     keywords = {STARS: NEUTRON, GAMMA-RAYS: BURSTS, GAMMA RAYS: THEORY, X-RAYS: GENERAL, Astrophysics},
         year = 1997,
        month = jul,
       volume = {288},
       number = {4},
        pages = {L51-L56},
          doi = {10.1093/mnras/288.4.L51},
archivePrefix = {arXiv},
       eprint = {astro-ph/9704153},
 primaryClass = {astro-ph},
       adsurl = {https://ui.adsabs.harvard.edu/abs/1997MNRAS.288L..51W},
      adsnote = {Provided by the SAO/NASA Astrophysics Data System}
}

@ARTICLE{WG99,
       author = {{Wijers}, R.~A.~M.~J. and {Galama}, T.~J.},
        title = "{Physical Parameters of GRB 970508 and GRB 971214 from Their Afterglow Synchrotron Emission}",
      journal = {\apj},
     keywords = {GAMMA RAYS: BURSTS, GAMMA RAYS: THEORY, RADIATION MECHANISMS: NONTHERMAL, SHOCK WAVES, Gamma Rays: Bursts, Gamma Rays: Theory, Radiation Mechanisms: Nonthermal, Shock Waves, Astrophysics},
         year = 1999,
        month = sep,
       volume = {523},
       number = {1},
        pages = {177-186},
          doi = {10.1086/307705},
archivePrefix = {arXiv},
       eprint = {astro-ph/9805341},
 primaryClass = {astro-ph},
       adsurl = {https://ui.adsabs.harvard.edu/abs/1999ApJ...523..177W},
      adsnote = {Provided by the SAO/NASA Astrophysics Data System}
}

@ARTICLE{williams,
       author = {{Williams}, Benjamin F. and {Peterson}, Skyler and {Murphy}, Jeremiah and
         {Gilbert}, Karoline and {Dalcanton}, Julianne J. and
         {Dolphin}, Andrew E. and {Jennings}, Zachary G.},
        title = "{Constraints for the Progenitor Masses of 17 Historic Core-collapse Supernovae}",
      journal = {\apj},
     keywords = {stars: evolution, stars: massive, supernovae: general, Astrophysics - Solar and Stellar Astrophysics},
         year = 2014,
        month = aug,
       volume = {791},
       number = {2},
          eid = {105},
        pages = {105},
          doi = {10.1088/0004-637X/791/2/105},
archivePrefix = {arXiv},
       eprint = {1405.6626},
 primaryClass = {astro-ph.SR},
       adsurl = {https://ui.adsabs.harvard.edu/abs/2014ApJ...791..105W},
      adsnote = {Provided by the SAO/NASA Astrophysics Data System}
}

@ARTICLE{wilms,
       author = {{Wilms}, J. and {Allen}, A. and {McCray}, R.},
        title = "{On the Absorption of X-Rays in the Interstellar Medium}",
      journal = {\apj},
     keywords = {Atomic Data, ISM: Dust, Extinction, ISM: Abundances, X-Rays: ISM, Astrophysics},
         year = 2000,
        month = oct,
       volume = {542},
       number = {2},
        pages = {914-924},
          doi = {10.1086/317016},
archivePrefix = {arXiv},
       eprint = {astro-ph/0008425},
 primaryClass = {astro-ph},
       adsurl = {https://ui.adsabs.harvard.edu/abs/2000ApJ...542..914W},
      adsnote = {Provided by the SAO/NASA Astrophysics Data System}
}


@ARTICLE{WuGW,
       author = {{Wu}, Yiyang and {MacFadyen}, Andrew},
        title = "{GW170817 Afterglow Reveals that Short Gamma-Ray Bursts are Neutron Star Mergers}",
      journal = {\apjl},
     keywords = {gamma-ray burst: general, gravitational waves, stars: neutron, Astrophysics - High Energy Astrophysical Phenomena},
         year = 2019,
        month = aug,
       volume = {880},
       number = {2},
          eid = {L23},
        pages = {L23},
          doi = {10.3847/2041-8213/ab2fd4},
archivePrefix = {arXiv},
       eprint = {1905.02665},
 primaryClass = {astro-ph.HE},
       adsurl = {https://ui.adsabs.harvard.edu/abs/2019ApJ...880L..23W},
      adsnote = {Provided by the SAO/NASA Astrophysics Data System}
}


@ARTICLE{WuGW2,
       author = {{Wu}, Yiyang and {MacFadyen}, Andrew},
        title = "{Constraining the Outflow Structure of the Binary Neutron Star Merger Event GW170817/GRB170817A with a Markov Chain Monte Carlo Analysis}",
      journal = {\apj},
     keywords = {gravitational waves, gamma-ray burst: general, hydrodynamics, Astrophysics - High Energy Astrophysical Phenomena},
         year = 2018,
        month = dec,
       volume = {869},
       number = {1},
          eid = {55},
        pages = {55},
          doi = {10.3847/1538-4357/aae9de},
archivePrefix = {arXiv},
       eprint = {1809.06843},
 primaryClass = {astro-ph.HE},
       adsurl = {https://ui.adsabs.harvard.edu/abs/2018ApJ...869...55W},
      adsnote = {Provided by the SAO/NASA Astrophysics Data System}
}


@ARTICLE{yamaguchi,
       author = {{Yamaguchi}, Hiroya and {Badenes}, Carles and {Petre}, Robert and
         {Nakano}, Toshio and {Castro}, Daniel and {Enoto}, Teruaki and
         {Hiraga}, Junko S. and {Hughes}, John P. and {Maeda}, Yoshitomo and
         {Nobukawa}, Masayoshi and {Safi-Harb}, Samar and {Slane}, Patrick O. and
         {Smith}, Randall K. and {Uchida}, Hiroyuki},
        title = "{Discriminating the Progenitor Type of Supernova Remnants with Iron K-shell Emission}",
      journal = {\apjl},
     keywords = {ISM: abundances, ISM: supernova remnants, X-rays: ISM, Astrophysics - High Energy Astrophysical Phenomena},
         year = 2014,
        month = apr,
       volume = {785},
       number = {2},
          eid = {L27},
        pages = {L27},
          doi = {10.1088/2041-8205/785/2/L27},
archivePrefix = {arXiv},
       eprint = {1403.5154},
 primaryClass = {astro-ph.HE},
       adsurl = {https://ui.adsabs.harvard.edu/abs/2014ApJ...785L..27Y},
      adsnote = {Provided by the SAO/NASA Astrophysics Data System}
}




@ARTICLE{YF07,
       author = {{Young}, Patrick A. and {Fryer}, Chris L.},
        title = "{Uncertainties in Supernova Yields. I. One-dimensional Explosions}",
      journal = {\apj},
     keywords = {Nuclear Reactions, Nucleosynthesis, Abundances, Stars: Evolution, ISM: Supernova Remnants, Stars: Supernovae: General, Astrophysics},
         year = 2007,
        month = aug,
       volume = {664},
       number = {2},
        pages = {1033-1044},
          doi = {10.1086/518081},
archivePrefix = {arXiv},
       eprint = {astro-ph/0612698},
 primaryClass = {astro-ph},
       adsurl = {https://ui.adsabs.harvard.edu/abs/2007ApJ...664.1033Y},
      adsnote = {Provided by the SAO/NASA Astrophysics Data System}
}



